@misc{concrete-cat-statue,
  title        = {Concrete Cat Statue},
  author       = {Riley Queen (all) and Rico Cilliers (guidance)},
  howpublished = {\url{https://polyhaven.com/a/concrete_cat_statue}}
}

@misc{rubber-duck-toy,
  title        = {Rubber Duck Toy},
  author       = {Plat251},
  howpublished = {\url{https://polyhaven.com/a/rubber_duck_toy}}
}

@online{rodrigues-rotation-formula,
  title        = {Rodrigues' rotation formula},
  author       = {Wikipedia},
  howpublished = {\url{https://en.wikipedia.org/wiki/Rodrigues%27_rotation_formula}}
}

@misc{barycentric-coordinates,
  author       = {Laval, Philippe B.},
  title        = {Mathematics for Computer Graphics - Barycentric Coordinates},
  howpublished = {\url{https://users.csc.calpoly.edu/~zwood/teaching/csc471/2017F/barycentric.pdf}},
  institution  = {Kennesaw State University},
  year         = {2003},
  month        = {November},
  day          = {10},
  note         = {Section 1.1}
}

@online{alpha-shapes,
  title        = {Introduction to Alpha Shapes},
  author       = {Kaspar Fischer},
  howpublished = {\url{https://graphics.stanford.edu/courses/cs268-11-spring/handouts/AlphaShapes/as_fisher.pdf}},
  year         = {2000},
  institution  = {Stanford University}
}

@online{delanuay-triangulation,
  title        = {Delaunay Triangulation},
  author       = {Wikipedia},
  howpublished = {\url{https://en.wikipedia.org/wiki/Delaunay_triangulation}}
}

@article{2020SciPy-NMeth,
  author  = {Virtanen, Pauli and Gommers, Ralf and Oliphant, Travis E. and
             Haberland, Matt and Reddy, Tyler and Cournapeau, David and
             Burovski, Evgeni and Peterson, Pearu and Weckesser, Warren and
             Bright, Jonathan and {van der Walt}, St{\'e}fan J. and
             Brett, Matthew and Wilson, Joshua and Millman, K. Jarrod and
             Mayorov, Nikolay and Nelson, Andrew R. J. and Jones, Eric and
             Kern, Robert and Larson, Eric and Carey, C J and
             Polat, {\.I}lhan and Feng, Yu and Moore, Eric W. and
             {VanderPlas}, Jake and Laxalde, Denis and Perktold, Josef and
             Cimrman, Robert and Henriksen, Ian and Quintero, E. A. and
             Harris, Charles R. and Archibald, Anne M. and
             Ribeiro, Ant{\^o}nio H. and Pedregosa, Fabian and
             {van Mulbregt}, Paul and {SciPy 1.0 Contributors}},
  title   = {{{SciPy} 1.0: Fundamental Algorithms for Scientific
             Computing in Python}},
  journal = {Nature Methods},
  year    = {2020},
  volume  = {17},
  pages   = {261--272},
  adsurl  = {https://rdcu.be/b08Wh},
  doi     = {10.1038/s41592-019-0686-2}
}

@online{signed-distance-function,
  title        = {Signed Distance Function},
  author       = {Wikipedia},
  howpublished = {\url{https://en.wikipedia.org/wiki/Signed_distance_function}}
}

@article{open3d,
  author  = {Qian-Yi Zhou and Jaesik Park and Vladlen Koltun},
  title   = {Open3D: A Modern Library for 3D Data Processing},
  journal = {arXiv preprint arXiv:1801.09847},
  year    = {2018},
  note    = {from \url{https://www.open3d.org/docs/release/tutorial/geometry/mesh.html}}
}

@online{ray-marching,
  title        = {Ray Marching and Signed Distance Functions},
  authot       = {Jamie Wong},
  howpublished = {\url{https://jamie-wong.com/2016/07/15/ray-marching-signed-distance-functions/}}
}

@online{ray-marching-2,
  title        = {GPU Gems 2, chpater 8. Per-Pixel Displacement Mapping with Distance Functions},
  author       = {William Donnelly},
  howpublished = {\url{https://developer.nvidia.com/gpugems/gpugems2/part-i-geometric-complexity/chapter-8-pixel-displacement-mapping-distance-functions}}
}